%% This BibTeX bibliography file was created using BibDesk.
%% http://bibdesk.sourceforge.net/


%% Created for Joshua Hull at 2014-04-13 22:01:53 -0400 


%% Saved with string encoding Unicode (UTF-8) 



@webpage{openclemson,
	Date-Added = {2014-04-14 01:53:25 +0000},
	Date-Modified = {2014-04-14 02:01:50 +0000},
	Lastchecked = {04/05/13},
	Url = {https://github.com/OpenClemson/myhadoop}}
